<record><leader>00000cas a22000007a 4500</leader><controlfield tag="001">11101809</controlfield><controlfield tag="008">840829d18721878iauwr ne      0    0eng d</controlfield><datafield ind1=" " ind2=" " tag="010"><subfield code="a">sn 84027400 </subfield></datafield><datafield ind1=" " ind2=" " tag="040"><subfield code="a">NPU</subfield><subfield code="b">eng</subfield><subfield code="c">NPU</subfield><subfield code="d">NPX</subfield><subfield code="d">INP</subfield><subfield code="d">OCLCQ</subfield></datafield><datafield ind1=" " ind2=" " tag="042"><subfield code="a">msc</subfield></datafield><datafield ind1="0" ind2="0" tag="245"><subfield code="a">Villisca weekly review.</subfield></datafield><datafield ind1="3" ind2="0" tag="246"><subfield code="a">Villisca review</subfield></datafield><datafield ind1="3" ind2="0" tag="246"><subfield code="a">Union Fair daily news</subfield></datafield><datafield ind1=" " ind2=" " tag="260"><subfield code="a">Villisca, Iowa :</subfield><subfield code="b">W.E. Loy</subfield></datafield><datafield ind1=" " ind2=" " tag="300"><subfield code="a">v. :</subfield><subfield code="b">ill. ;</subfield><subfield code="c">61 cm.</subfield></datafield><datafield ind1=" " ind2=" " tag="310"><subfield code="a">Weekly</subfield></datafield><datafield ind1="1" ind2=" " tag="362"><subfield code="a">Began in 1872.</subfield></datafield><datafield ind1="1" ind2=" " tag="362"><subfield code="a">Ceased in July 1878.</subfield></datafield><datafield ind1=" " ind2=" " tag="500"><subfield code="a">"Weekly" appears above title ornament, &lt;Dec. 24, 1874&gt;-Dec. 30., 1875.</subfield></datafield><datafield ind1=" " ind2=" " tag="500"><subfield code="a">Separately numbered issues called: Union Fair daily news issued Oct. 11-12, 1876, as v. 2, no. 1-2.</subfield></datafield><datafield ind1=" " ind2=" " tag="500"><subfield code="a">Publisher varies.</subfield></datafield><datafield ind1=" " ind2=" " tag="500"><subfield code="a">Editor: C.K. Kennedy, &lt;1876&gt;.</subfield></datafield><datafield ind1=" " ind2=" " tag="515"><subfield code="a">Vol 2, no. 23 (Jan. 3, 1873)-v. 2, no. 25 (Jan. 17, 1873) misdated Jan. 3-17, 1872.</subfield></datafield><datafield ind1=" " ind2=" " tag="588"><subfield code="a">Description based on: Vol. 1, no. 47 (June 13, 1872).</subfield></datafield><datafield ind1=" " ind2=" " tag="752"><subfield code="a">United States</subfield><subfield code="b">Iowa</subfield><subfield code="c">Montgomery</subfield><subfield code="d">Villisca.</subfield></datafield><datafield ind1="0" ind2="0" tag="780"><subfield code="t">Weekly Iowa mercury</subfield><subfield code="w">(DLC)sn 87057315</subfield></datafield><datafield ind1="0" ind2="0" tag="785"><subfield code="t">Villisca review (Villisca, Iowa : 1878)</subfield><subfield code="w">(DLC)sn 87057394</subfield></datafield><datafield ind1="1" ind2=" " tag="029"><subfield code="a">AU@</subfield><subfield code="b">000025789183</subfield></datafield></record>